<record><leader>00000cas a2200000 a 4500</leader><controlfield tag="001">33944016</controlfield><controlfield tag="008">951219c19869999azuwr ne      0    0eng d</controlfield><datafield ind1=" " ind2=" " tag="010"><subfield code="a">sn 95060933 </subfield></datafield><datafield ind1=" " ind2=" " tag="040"><subfield code="a">ANN</subfield><subfield code="b">eng</subfield><subfield code="c">ANN</subfield><subfield code="d">OCLCQ</subfield><subfield code="d">OCLCF</subfield><subfield code="d">OCLCO</subfield></datafield><datafield ind1="1" ind2=" " tag="029"><subfield code="a">AU@</subfield><subfield code="b">000012146517</subfield></datafield><datafield ind1=" " ind2=" " tag="037"><subfield code="b">Lake Powell Chronicle, No. 3 Elm St. Mall, Page, AZ 86040</subfield></datafield><datafield ind1=" " ind2=" " tag="042"><subfield code="a">msc</subfield></datafield><datafield ind1=" " ind2=" " tag="043"><subfield code="a">n-us-az</subfield></datafield><datafield ind1="0" ind2=" " tag="130"><subfield code="a">Lake Powell chronicle (Page, Ariz. : 1986)</subfield></datafield><datafield ind1="1" ind2="0" tag="245"><subfield code="a">Lake Powell chronicle.</subfield></datafield><datafield ind1=" " ind2=" " tag="260"><subfield code="a">Page, Ariz. :</subfield><subfield code="b">Lake Powell Newspaper, Inc.,</subfield><subfield code="c">1986-</subfield></datafield><datafield ind1=" " ind2=" " tag="300"><subfield code="a">v. :</subfield><subfield code="b">ill.</subfield></datafield><datafield ind1=" " ind2=" " tag="310"><subfield code="a">Weekly</subfield></datafield><datafield ind1="0" ind2=" " tag="362"><subfield code="a">Vol. 21, no. 6 (Apr. 2, 1986)-</subfield></datafield><datafield ind1=" " ind2=" " tag="588"><subfield code="a">Latest issue consulted: Vol. 36, no. 34 (Aug. 23, 2000).</subfield></datafield><datafield ind1=" " ind2="0" tag="651"><subfield code="a">Page (Ariz.)</subfield><subfield code="v">Newspapers.</subfield></datafield><datafield ind1=" " ind2="0" tag="651"><subfield code="a">Coconino County (Ariz.)</subfield><subfield code="v">Newspapers.</subfield></datafield><datafield ind1=" " ind2="7" tag="655"><subfield code="a">Newspapers.</subfield><subfield code="2">fast</subfield><subfield code="0">(OCoLC)fst01423814</subfield></datafield><datafield ind1=" " ind2="7" tag="651"><subfield code="a">Arizona</subfield><subfield code="z">Coconino County.</subfield><subfield code="2">fast</subfield><subfield code="0">(OCoLC)fst01217112</subfield></datafield><datafield ind1=" " ind2="7" tag="651"><subfield code="a">Arizona</subfield><subfield code="z">Page.</subfield><subfield code="2">fast</subfield><subfield code="0">(OCoLC)fst01216935</subfield></datafield><datafield ind1=" " ind2=" " tag="752"><subfield code="a">United States</subfield><subfield code="b">Arizona</subfield><subfield code="c">Coconino</subfield><subfield code="d">Page.</subfield></datafield><datafield ind1="0" ind2="0" tag="780"><subfield code="t">Lake Powell chronicle &amp; Navajo-Hopi observer</subfield><subfield code="w">(DLC)sn 95060934</subfield></datafield></record>